@misc{etoro,
    author          = "{eToro and The TIE}",
    title           = "{The State of Digital Assets Q2 2020}",
    howpublished    = "\url{https://thetie.io/etoro-q2-2020-state-of-digital-assets}, accessed on Aug 3, 2020",
}

@misc{consensys.Q2Defi,
    author          = "{Consensys}",
    title           = "{The Q2 2020 DeFi Report}",
    howpublished    = "\url{https://consensys.net/insights/q2-2020-defi-report/}, accessed on Aug 3, 2020",
}

@misc{defiPulse,
    author          = "{DeFiPulse}",
    title           = "{DeFi - The Decentralized Finance Leaderboard at DeFi Pulse}",
    howpublished    = "\url{https://defipulse.com/}, accessed on Aug 3, 2020",
}

@article{wsjStablecoins,
    author          = "Tomio Geron",
    title           = "{Why Stablecoins Stand Out in the Cryptocurrency World}",
    month           = "June",
    year            = 2019,
    note            = "\url{https://www.wsj.com/articles/why-stablecoins-stand-out-in-the-cryptocurrency-world-11560218460/}",
    journal         = "Wall Street Journal",
}

@article{wsjDefi,
    author          = "Paul Vigna",
    title           = "{Bitcoin Is Riding High Again as Investors Embrace Risk}",
    month           = "August",
    year            = 2020,
    note            = "\url{https://www.wsj.com/articles/bitcoin-is-riding-high-again-as-investors-embrace-risk-11596376800}",
    journal         = "Wall Street Journal"
}

@misc{ethWhitePaper,
    author          = {Vitalik Buterin},
    title           = "{Ethereum Whitepaper}",
    howpublished    = "\url{https://ethereum.org/en/whitepaper/}, accessed on Aug 12, 2020",
}

@misc{makerWhitePaper,
    author          = "{Maker Foundation}",
    title           = "{Maker - Whitepaper}",
    howpublished    = "\url{https://makerdao.com/en/whitepaper/}, accessed on Aug 28, 2020",
}

@misc{makerAuctions,
    author          = "{Maker Foundation}",
    title           = "{The Auctions of the Maker Protocol}",
    howpublished    = "\url{https://docs.makerdao.com/auctions/the-auctions-of-the-maker-protocol/}, accessed on Aug 22, 2020",
}

@misc{oasis,
    author          = "{Maker Foundation}",
    title           = "{Oasis}",
    howpublished    = "\url{https://oasis.app/borrow/}, accessed on Aug 12, 2020",
}

@misc{flipper,
    author          = "{Maker Foundation}",
    title           = "{Flipper - Detailed Documentation}",
    howpublished    = "\url{https://docs.makerdao.com/smart-contract-modules/collateral-module/flipper-detailed-documentation}, accessed on Aug 12, 2020",
}

@misc{keepers,
    author          = "{Maker Foundation}",
    title           = "{Auction Keepers}",
    howpublished    = "\url{https://docs.makerdao.com/keepers/auction-keepers}, accessed on Aug 14, 2020",
}

@misc{gasUsage,
    author          = "{Ethereum Wiki}",
    title           = "{Design Rationale}",
    howpublished    = "\url{https://eth.wiki/en/fundamentals/design-rationale}, accessed on Aug 22, 2020",
}

@misc{daiAuctions,
    author          = "{Dai Auctions}",
    title           = "{MCD Collateral Auctions}",
    howpublished    = "\url{https://daiauctions.com/}, accessed on Aug 12, 2020",
}

@misc{scdLiquidations,
    author          = "{Maker Foundation}",
    title           = "{Liquidation (SCD)}",
    howpublished    = "\url{https://community-development.makerdao.com/makerdao-scd-faqs/scd-faqs/liquidation}, accessed on Aug 12, 2020",
}

@misc{liquidationVol,
    author          = "{DeBank}",
    title           = "{Liquidation data}",
    howpublished    = "\url{https://cached-api.dappub.com/defi-insight/debt/all/liquidates}, accessed on Aug 12, 2020",
}

@misc{blackThursdayReport,
    author          = "{PeckShield}",
    title           = "{Black Thursday for MakerDAO: \$8.32 million was liquidated for 0 DAI}",
    year            = 2020,
    month           = "March",
    howpublished    = "\url{https://medium.com/@whiterabbit_hq/black-thursday-for-makerdao-8-32-million-was-liquidated-for-0-dai-36b83cac56b6}",
}

@misc{systemRedesign,
    author          = "{Maker Foundation}",
    title           = "{A Liquidation System Redesign: A Pre-MIP Discussion}",
    year            = 2020,
    month           = "June",
    howpublished    = "\url{https://forum.makerdao.com/t/a-liquidation-system-redesign-a-pre-mip-discussion/2790}",
}

@book{auctionTheory.Klemperer,
    author          = "Paul Klemperer",
    title           = "{Auctions: Theory and Practice}",
    publisher       = "Princeton University Press",
    address         = "Princeton, NJ",
    year            = 2004,
}

@book{auctionTheory.Milgrom,
    author          = "Paul R. Milgrom",
    title           = "{Putting Auction Theory To Work}",
    publisher       = "Cambridge University Press",
    address         = "Cambridge, UK",
    year            = 2004,
}

@article{worldBank,
    author          = {Janine Aron and Ibrahim Elbadawi},
    year            = 1994,
    month           = "January",
    pages           = {},
    title           = "{Foreign exchange auction markets in sub-Saharan Africa : dynamic models for auction exchange rates}",
    journal         = {The World Bank, Policy Research Working Paper Series}
}

@book{cvAuctions,
    author          = {John H. Kagel and Dan Levin},
    title           = "{Common Value Auctions and the Winner's Curse}",
    publisher       = "Princeton University Press",
    address         = "Princeton, NJ",
    year            = 2002
}

@article{defiOverview1,
    author          = {Dirk A. Zetzsche and Douglas W. Arner and Ross P. Buckley},
    year            = 2020,
    month           = "March",
    pages           = {},
    title           = "{Decentralized Finance (DeFi)}",
    journal         = {European Banking Institute Working Paper Series 59/2020}
}

@misc{defiOverview2,
    author          = {Fabian Sch√§r},
    title           = "{Decentralized Finance: On Blockchain- and Smart Contract-based Financial Markets}",
    year            = 2020,
    month           = "March",
    howpublished    = "\url{http://dx.doi.org/10.2139/ssrn.3571335}",
}

% NOTE: Crypto Valley Conference 2020 was canceled. However, papers submitted for the conference were still presented, through asynchronous recordings that were subsequently posted to the CVC website. Therefore, this paper qualifies as still being "inproceedings" for the conference.
@inproceedings{exploit1,
    author          = {Lewis Gudgeon and Daniel Perez and Dominik Harz and Arthur Gervais and Benjamin Livshits},
    year            = 2020,
    month           = "June",
    title           = "{The Decentralized Financial Crisis: Attacking DeFi}",
    booktitle       = "{2020 Crypto Valley Conference}",
}

@misc{exploit2,
    author          = {Kaihua Qin and Liyi Zhou and Benjamin Livshits and Arthur Gervais},
    title           = "{Attacking the DeFi Ecosystem with Flash Loans for Fun and Profit}",
    year            = 2020,
    month           = "March",
    howpublished    = "\url{https://arxiv.org/abs/2003.03810}",
}

@inproceedings{defiMath1,
    author          = {Guillermo Angeris and Hsien-Tang Kao and Rei Chiang and Charlie Noyes and Tarun Chitra},
    year            = 2020,
    month           = "March",
    title           = "{An analysis of Uniswap markets}",
    booktitle       = "{2020 Cryptoeconomics System}",
}

@misc{defiMath2,
    author          = {Guillermo Angeris and Tarun Chitra},
    title           = "{Improved Price Oracles: Constant Function Market Makers}",
    year            = 2020,
    month           = "June",
    howpublished    = "\url{https://arxiv.org/abs/2003.10001}",
}

@misc{mkrGovernance,
    author          = {Wanyun Gu and Anika Raghuvanshi and Dan Boneh},
    title           = "{Empirical Measurements on Pricing Oracles and Decentralized Governance for Stablecoins}",
    year            = 2020,
    month           = "June",
    howpublished    = "\url{http://dx.doi.org/10.2139/ssrn.3611231}",
}

@misc{mkrCredit,
    author          = {Alex Evans},
    title           = "{A Ratings-Based Model for Credit Events in MakerDAO}",
    year            = 2019,
    month           = "July",
    howpublished    = "\url{https://static1.squarespace.com/static/5a479ee3b7411c6102f75729/t/5d37587d026881000198ef51/1563908221879/Maker-Ratings.pdf}",
}

@article{bidPrepCosts,
    author          = {William F. Samuelson},
    year            = 1985,
    month           = "March",
    volume          = 12,
    number          = "1-2",
    pages           = "53-57",
    title           = "{Competitive bidding with entry costs}",
    journal         = {Economics Letters}
}

@inproceedings{entryCosts,
    author          = {Surajeet Chakravarty and Sudeep Ghosh},
    year            = 2007,
    title           = "{Studying the Effect of Sunk Costs on Bidding Behavior in Auctions}",
    booktitle       = "{2007 Economic Science Association World Meetings}",
}

@misc{valuation1,
    author          = {Remo Kyburz},
    title           = "{Cryptoasset Research - Bitcoin}",
    year            = 2018,
    month           = "August",
    howpublished    = "\url{https://blocknovum.com/wp-content/uploads/2018/08/BlockNovum_Investment-Research_Bitcoin-August2018.pdf}",
}

@misc{valuation2,
    author          = {},
    title           = "{Fundamental Valuation of Cryptoassets}",
    year            = 2018,
    month           = "August",
    howpublished    = "\url{https://drwvc.com/documents/2018-08-DRW-VC-Fundamental-Valuation-of-Cryptoassets.pdf}",
}

@misc{valuation3,
    author          = {Sherwin Dowlat},
    title           = "{Cryptoasset Market Coverage Initiation: Valuation}",
    year            = 2018,
    month           = "August",
    howpublished    = "\url{https://research.bloomberg.com/pub/res/d37g1Q1hEhBkiRCu_ruMdMsbc0A}",
}

@misc{valuation4,
    author          = {Chris Burniske},
    title           = "{Cryptoasset Valuations}",
    year            = 2017,
    month           = "September",
    howpublished    = "\url{https://medium.com/@cburniske/cryptoasset-valuations-ac83479ffca7}",
}

@misc{valuation5,
    author          = {Aswath Damodaran},
    title           = "{Valuing Young, Start-up and Growth Companies: Estimation Issues and Valuation Challenges}",
    year            = 2009,
    month           = "May",
    howpublished    = "\url{http://dx.doi.org/10.2139/ssrn.1418687}",
}

@misc{keeperBot,
    author          = {Etherscan},
    title           = "{Address Information}",
    year            = {},
    month           = {},
    howpublished    = "\url{https://kovan.etherscan.io/address/0xd536ea64b9865059fc5e2d8bfd9aa9bf677722f3}, accessed in August 2020",
}

@misc{makerHistory,
    author          = {Etherscan},
    title           = "{Address Information}",
    year            = {},
    month           = {},
    howpublished    = "\url{https://etherscan.io/address/0xd8a04F5412223F513DC55F839574430f5EC15531}, accessed in July 2020",
}

@misc{uniswapV1,
    author          = "{The Graph}",
    title           = "{Uniswap Subgraph}",
    year            = {},
    month           = {},
    howpublished    = "\url{https://thegraph.com/explorer/subgraph/graphprotocol/uniswap}, accessed in August 202",
}

@misc{uniswapV2,
    author          = {Etherscan},
    title           = "{Address Information}",
    year            = {},
    month           = {},
    howpublished    = "\url{https://etherscan.io/address/0xA478c2975Ab1Ea89e8196811F51A7B7Ade33eB11}, accessed in August 2020",
}

@misc{tradeData,
    author          = {Etherscan},
    title           = "{Address Information and Transactions}",
    year            = {},
    month           = {},
    howpublished    = "\url{https://etherscan.io/address/0x7a250d5630b4cf539739df2c5dacb4c659f2488d}, accessed in June 2020",
}

@misc{exitJoinData,
    author          = {Etherscan},
    title           = "{Address Information}",
    year            = {},
    month           = {},
    howpublished    = "\url{https://etherscan.io/address/0x9759A6Ac90977b93B58547b4A71c78317f391A28}, accessed in June 2020",
}

@misc{uniFees,
    author          = {Uniswap},
    title           = "{Fees}",
    year            = {},
    month           = {},
    howpublished    = "\url{https://uniswap.org/docs/v2/advanced-topics/fees}, accessed on Aug 20, 2020",
}
